<?xml version="1.0" encoding="UTF-8"?><collection xmlns="http://www.loc.gov/MARC21/slim"><record><leader>00477nam--2200157-i-4500</leader><controlfield tag="001">000013002</controlfield><controlfield tag="002">20161230</controlfield><controlfield tag="005">20161230201030</controlfield><controlfield tag="008">060222s1000------------r-----000-0-eng-d</controlfield><datafield ind1=" " ind2=" " tag="080"><subfield code="a">519.17</subfield></datafield><datafield ind1=" " ind2=" " tag="100"><subfield code="a">Bellman, Richard., Cooke, Kenneth L.And Locket T, Jo Ann</subfield></datafield><datafield ind1=" " ind2=" " tag="245"><subfield code="a">Algorithms graphs and computers</subfield></datafield><datafield ind1=" " ind2=" " tag="260"><subfield code="a">New York, Academic Press, 1970. Xv + 246 P</subfield></datafield><datafield ind1=" " ind2=" " tag="490"><subfield code="a">Mathematics In Sciences And Engineering</subfield><subfield code="v">vol. 62</subfield></datafield><datafield ind1=" " ind2=" " tag="852"><subfield code="a">17315</subfield></datafield><datafield ind1=" " ind2=" " tag="CAT"><subfield code="a">Sys</subfield><subfield code="c">20080404</subfield><subfield code="h">113903</subfield></datafield></record></collection>